% general theory
@book{cover1999elements,
  title={Elements of information theory},
  author={Cover, Thomas M},
  year={1999},
  publisher={John Wiley \& Sons}
}


@article{olshausen_emergence_1996,
  title = {Emergence of simple-cell receptive field properties by learning a sparse code for natural images},
  volume = {381},
  issn = {0028-0836},
  url = {http://dx.doi.org/10.1038/381607a0},
  doi = {10.1038/381607a0},
  number = {6583},
  journal = {Nature},
  author = {Olshausen, Bruno A. and Field, David J.},
  year = {1996},
  pmid = {8637596},
  pages = {607--609},
}

@article{yamins_using_2016,
  title = {Using goal-driven deep learning models to understand sensory cortex},
  volume = {19},
  issn = {1097-6256},
  url = {http://www.ncbi.nlm.nih.gov/pubmed/26906502},
  doi = {10.1038/nn.4244},
  number = {3},
  journal = {Nature Neuroscience},
  author = {Yamins, Daniel L K and DiCarlo, James J},
  year = {2016},
  pmid = {26906502},
  pages = {356--365},
}

@article{yamins_performance-optimized_2014,
  title = {Performance-optimized hierarchical models predict neural responses in higher visual cortex.},
  volume = {111},
  issn = {1091-6490},
  url = {http://www.ncbi.nlm.nih.gov/pubmed/24812127{\%}5Cnhttp://www.pubmedcentral.nih.gov/articlerender.fcgi?artid=PMC4060707},
  doi = {10.1073/pnas.1403112111},
  number = {23},
  journal = {Proceedings of the National Academy of Sciences of the United States of America},
  author = {Yamins, Daniel L K and Hong, Ha and Cadieu, Charles F and Solomon, Ethan A and Seibert, Darren and DiCarlo, James J},
  year = {2014},
  pmid = {24812127},
  pages = {8619--24},
}

@inproceedings{rast_adaptation_2020,
  title = {Adaptation {Properties} {Allow} {Identification} of {Optimized} {Neural} {Codes}},
  volume = {33},
  booktitle = {Advances in {Neural} {Information} {Processing} {Systems}},
  author = {Rast, Luke and Drugowitsch, Jan},
  year = {2020},
  file = {Attachment:/Users/luke/Zotero/storage/2RP29L57/NeurIPS-2020-adaptation-properties-allow-identification-of-optimized-neural-codes-Paper.pdf:application/pdf},
}

@inproceedings{goldwasser_planting_2022,
  title = {Planting {Undetectable} {Backdoors} in {Machine} {Learning} {Models}},
  url = {http://arxiv.org/abs/2204.06974},
  doi = {10.48550/arXiv.2204.06974},
  urldate = {2024-06-04},
  booktitle = {2022 {IEEE} 63rd {Annual} {Symposium} on {Foundations} of {Computer} {Science}},
  author = {Goldwasser, Shafi and Kim, Michael P. and Vaikuntanathan, Vinod and Zamir, Or},
  year = {2022},
  note = {arXiv:2204.06974 [cs]},
}
@book{kearns1994introduction,
  title={An introduction to computational learning theory},
  author={Kearns, Michael J and Vazirani, Umesh},
  year={1994},
  publisher={MIT press}
}



@misc{Olivetti,
  title = {The Database of Faces},
  institution={AT&T Laboratories Cambridge},
  howpublished = {\url{https://www.cl.cam.ac.uk/research/dtg/attarchive/facedatabase.html}},
  note = {Accessed: 2024-11-06}
}
@inproceedings{samaria_parameterisation_1994,
  title = {Parameterisation of a stochastic model for human face identification},
  url = {https://ieeexplore.ieee.org/document/341300},
  doi = {10.1109/ACV.1994.341300},
  urldate = {2024-11-06},
  booktitle = {Proceedings of 1994 {IEEE} {Workshop} on {Applications} of {Computer} {Vision}},
  author = {Samaria, F.S. and Harter, A.C.},
  month = dec,
  year = {1994},
  pages = {138--142},
}
@misc{barron_continuously_2017,
  title = {Continuously {Differentiable} {Exponential} {Linear} {Units}},
  url = {http://arxiv.org/abs/1704.07483},
  doi = {10.48550/arXiv.1704.07483},
  urldate = {2024-11-06},
  publisher = {arXiv},
  author = {Barron, Jonathan T.},
  month = apr,
  year = {2017},
  note = {arXiv:1704.07483},
}
@article{kanitscheider_measuring_2015,
  title = {Measuring {Fisher} {Information} {Accurately} in {Correlated} {Neural} {Populations}},
  volume = {11},
  issn = {15537358},
  doi = {10.1371/journal.pcbi.1004218},
  number = {6},
  journal = {PLoS Computational Biology},
  author = {Kanitscheider, Ingmar and Coen-Cagli, Ruben and Kohn, Adam and Pouget, Alexandre},
  year = {2015},
  pmid = {26030735},
  note = {ISBN: 10.1371/journal.pcbi.1004945},
  pages = {1--27},
}
